<record><leader>00000cas a22000007a 4500</leader><controlfield tag="001">10684238</controlfield><controlfield tag="008">840502d18711874wvuwr ne      0    0eng d</controlfield><datafield ind1=" " ind2=" " tag="010"><subfield code="a">sn 84026809 </subfield></datafield><datafield ind1=" " ind2=" " tag="040"><subfield code="a">NPU</subfield><subfield code="b">eng</subfield><subfield code="c">NPU</subfield><subfield code="d">WVC</subfield><subfield code="d">DLC</subfield><subfield code="d">NVJ</subfield><subfield code="d">NYS</subfield><subfield code="d">NVK</subfield><subfield code="d">OCLCQ</subfield><subfield code="d">OCLCF</subfield><subfield code="d">OCLCO</subfield><subfield code="d">OCLCA</subfield></datafield><datafield ind1="1" ind2=" " tag="029"><subfield code="a">AU@</subfield><subfield code="b">000021270742</subfield></datafield><datafield ind1=" " ind2=" " tag="042"><subfield code="a">msc</subfield></datafield><datafield ind1=" " ind2=" " tag="043"><subfield code="a">n-us-wv</subfield></datafield><datafield ind1="0" ind2="0" tag="245"><subfield code="a">Huntington independent.</subfield></datafield><datafield ind1=" " ind2=" " tag="260"><subfield code="a">Huntington, W. Va. :</subfield><subfield code="b">O.G. Chase,</subfield><subfield code="c">-1874.</subfield></datafield><datafield ind1=" " ind2=" " tag="300"><subfield code="a">v.</subfield></datafield><datafield ind1=" " ind2=" " tag="310"><subfield code="a">Weekly</subfield></datafield><datafield ind1="1" ind2=" " tag="362"><subfield code="a">Began in Aug. 1871.</subfield></datafield><datafield ind1="0" ind2=" " tag="362"><subfield code="a">-v. 3, no. 38 (Jan. 8, 1874).</subfield></datafield><datafield ind1=" " ind2=" " tag="530"><subfield code="a">Available on microfilm from U.M.I.</subfield></datafield><datafield ind1=" " ind2=" " tag="588"><subfield code="a">Description based on: Vol. 2, no. 22 (Sept. 19, 1872).</subfield></datafield><datafield ind1=" " ind2="0" tag="651"><subfield code="a">Huntington (W. Va.)</subfield><subfield code="v">Newspapers.</subfield></datafield><datafield ind1=" " ind2="7" tag="655"><subfield code="a">Newspapers.</subfield><subfield code="2">fast</subfield><subfield code="0">(OCoLC)fst01423814</subfield></datafield><datafield ind1=" " ind2="7" tag="651"><subfield code="a">West Virginia</subfield><subfield code="z">Huntington.</subfield><subfield code="2">fast</subfield><subfield code="0">(OCoLC)fst01202938</subfield></datafield><datafield ind1=" " ind2=" " tag="752"><subfield code="a">United States</subfield><subfield code="b">West Virginia</subfield><subfield code="c">Cabell</subfield><subfield code="d">Huntington.</subfield></datafield><datafield ind1="0" ind2="0" tag="780"><subfield code="t">Independent (Guyandotte, W. Va.)</subfield><subfield code="w">(DLC)sn 94058004</subfield></datafield><datafield ind1="0" ind2="7" tag="785"><subfield code="t">Cabell County press</subfield><subfield code="w">(DLC)sn 84026786</subfield><subfield code="w">(OCoLC)10667513</subfield></datafield><datafield ind1="0" ind2="7" tag="785"><subfield code="t">Huntington advertiser (Huntington, W. Va. : 1874)</subfield><subfield code="w">(DLC)sn 84026801</subfield><subfield code="w">(OCoLC)10679247</subfield></datafield></record>